<?xml version="1.0" encoding="UTF-8"?><collection xmlns="http://www.loc.gov/MARC21/slim"><record><leader>00420nam--2200121-i-4500</leader><controlfield tag="001">000034403</controlfield><controlfield tag="002">20161230</controlfield><controlfield tag="005">20161230201040</controlfield><controlfield tag="008">060222s1000------------r-----000-0-eng-d</controlfield><datafield ind1=" " ind2=" " tag="245"><subfield code="a">Nonequilibrium problems in the physical sciences and biology. vol.1: order and fluctuations in equilibrium and nonequilibrium statistical mechanics</subfield></datafield><datafield ind1=" " ind2=" " tag="260"><subfield code="a">New York, John Wiley &amp; Sons, 1981</subfield></datafield><datafield ind1=" " ind2=" " tag="700"><subfield code="a">Progogine, I., S.A</subfield></datafield><datafield ind1=" " ind2=" " tag="852"><subfield code="a">49172</subfield></datafield></record></collection>